@article{EMVS,
author = {Rockova, Veronika and George, Edward},
year = {2014},
month = {06},
pages = {},
title = {EMVS: The EM Approach to Bayesian Variable Selection},
volume = {109},
journal = {Journal of the American Statistical Association},
doi = {10.1080/01621459.2013.869223}
}